@Misc{NUIST_thesis,
howpublished = {\url{http://yjs.nuist.edu.cn/Show.aspx?AI=1870}},
note = {Jan 29, 2020},
title = {关于做好2019年上半年研究生学位论文相关工作的通知},
author = {南京信息工程大学 研究生院}
}

@book{recommand_berry_2004,
    title = {Data mining techniques: for marketing, sales, and customer relationship management},
    author = {Berry, Michael J.A. and Linoff, Gordon S.},
    year = {2004},
    publisher = {John Wiley \& Sons},
    edition = {3rd}
}

@book{recommand_romano_2006,
    title = {Electronic Customer Relationship Management},
    author = {Romano, N.C. and Fjermestad, J.},
    year = {2006},
    publisher = {M.E. Sharpe}
}

@article{security_control_ramanathan_2006,
    title={Face verification across age progression},
    author={Ramanathan, Narayanan and Chellappa, Rama},
    journal={IEEE Transactions on Image Processing},
    volume={15},
    number={11},
    pages={3349--3361},
    year={2006},
    publisher={IEEE}
}

@inproceedings{identity_jain_2004,
    title={Soft biometric traits for personal recognition systems},
    author={Jain, Anil K and Dass, Sarat C and Nandakumar, Karthik},
    booktitle={International conference on biometric authentication},
    pages={731--738},
    year={2004},
    organization={Springer}
}

@article{lanitis2004comparing,
    title={Comparing different classifiers for automatic age estimation},
    author={Lanitis, Andreas and Draganova, Chrisina and Christodoulou, Chris},
    journal={IEEE Transactions on Systems, Man, and Cybernetics, Part B (Cybernetics)},
    volume={34},
    number={1},
    pages={621--628},
    year={2004},
    publisher={IEEE}
}

@article{guo2008image,
     title={Image-based human age estimation by manifold learning and locally adjusted robust regression},
    author={Guo, Guodong and Fu, Yun and Dyer, Charles R and Huang, Thomas S},
    journal={IEEE Transactions on Image Processing},
    volume={17},
    number={7},
    pages={1178--1188},
    year={2008},
    publisher={IEEE}
}

@inproceedings{guo2009human,
    title={Human age estimation using bio-inspired features},
    author={Guo, Guodong and Mu, Guowang and Fu, Yun and Huang, Thomas S},
    booktitle={2009 IEEE Conference on Computer Vision and Pattern Recognition},
    pages={112--119},
    year={2009},
    organization={IEEE}
}

@inproceedings{zhai2010age,
    title={Age estimation of facial images based on an improved non-negative matrix factorization algorithms},
    author={Zhai, Chuan-Min and Qing, Yu and Ji-Xiang, Du},
    booktitle={International Conference on Intelligent Computing},
    pages={670--676},
    year={2010},
    organization={Springer}
}

@article{lu2015cost,
    title={Cost-sensitive local binary feature learning for facial age estimation},
    author={Lu, Jiwen and Liong, Venice Erin and Zhou, Jie},
    journal={IEEE Transactions on Image Processing},
    volume={24},
    number={12},
    pages={5356--5368},
    year={2015},
    publisher={IEEE}
}

@article{sai2015facial,
    title={Facial age range estimation with extreme learning machines},
    author={Sai, Phyo-Kyaw and Wang, Jian-Gang and Teoh, Eam-Khwang},
    journal={Neurocomputing},
    volume={149},
    pages={364--372},
    year={2015},
    publisher={Elsevier}
}

@inproceedings{rothe2015dex,
    title={Dex: Deep expectation of apparent age from a single image},
    author={Rothe, Rasmus and Timofte, Radu and Van Gool, Luc},
    booktitle={Proceedings of the IEEE International Conference on Computer Vision Workshops},
    pages={10--15},
    year={2015}
}

@article{rothe2018deep,
    title={Deep expectation of real and apparent age from a single image without facial landmarks},
    author={Rothe, Rasmus and Timofte, Radu and Van Gool, Luc},
    journal={International Journal of Computer Vision},
    volume={126},
    number={2-4},
    pages={144--157},
    year={2018},
    publisher={Springer}
}

@article{lou2017expression,
    title={Expression-invariant age estimation using structured learning},
    author={Lou, Zhongyu and Alnajar, Fares and Alvarez, Jose M and Hu, Ninghang and Gevers, Theo},
    journal={IEEE transactions on pattern analysis and machine intelligence},
    volume={40},
    number={2},
    pages={365--375},
    year={2017},
    publisher={IEEE}
}

@article{li2016facial,
    title={Facial age estimation by using stacked feature composition and selection},
    author={Li, Ya and Peng, Zhanglin and Liang, Depeng and Chang, Huiyou and Cai, Zhaoquan},
    journal={The Visual Computer},
    volume={32},
    number={12},
    pages={1525--1536},
    year={2016},
    publisher={Springer}
}

@inproceedings{lu2011fusing,
    title={Fusing shape and texture information for facial age estimation},
    author={Lu, Jiwen and Tan, Yap-Peng},
    booktitle={2011 IEEE International Conference on Acoustics, Speech and Signal Processing (ICASSP)},
    pages={1477--1480},
    year={2011},
    organization={IEEE}
}

@inproceedings{lu2010ordinary,
    title={Ordinary preserving manifold analysis for human age estimation},
    author={Lu, Jiwen and Tan, Yap-Peng},
    booktitle={2010 IEEE Computer Society Conference on Computer Vision and Pattern Recognition-Workshops},
    pages={90--95},
    year={2010},
    organization={IEEE}
}

@article{lu2012ordinary,
    title={Ordinary preserving manifold analysis for human age and head pose estimation},
    author={Lu, Jiwen and Tan, Yap-Peng},
    journal={IEEE Transactions on Human-Machine Systems},
    volume={43},
    number={2},
    pages={249--258},
    year={2012},
    publisher={IEEE}
}

@inproceedings{liang2011multi,
    title={Multi-task gloh feature selection for human age estimation},
    author={Liang, Yixiong and Liu, Lingbo and Xu, Ying and Xiang, Yao and Zou, Beiji},
    booktitle={2011 18th IEEE International Conference on Image Processing},
    pages={565--568},
    year={2011},
    organization={IEEE}
}

@inproceedings{luu2009age,
    title={Age estimation using active appearance models and support vector machine regression},
    author={Luu, Khoa and Ricanek, Karl and Bui, Tien D and Suen, Ching Y},
    booktitle={2009 IEEE 3rd International Conference on Biometrics: Theory, Applications, and Systems},
    pages={1--5},
    year={2009},
    organization={IEEE}
}

@article{geng2007automatic,
    title={Automatic age estimation based on facial aging patterns},
    author={Geng, Xin and Zhou, Zhi-Hua and Smith-Miles, Kate},
    journal={IEEE Transactions on pattern analysis and machine intelligence},
    volume={29},
    number={12},
    pages={2234--2240},
    year={2007},
    publisher={IEEE}
}

@inproceedings{yan2007learning,
    title={Learning auto-structured regressor from uncertain nonnegative labels},
    author={Yan, Shuicheng and Wang, Huan and Tang, Xiaoou and Huang, Thomas S},
    booktitle={2007 IEEE 11th International Conference on Computer Vision},
    pages={1--8},
    year={2007},
    organization={IEEE}
}

@inproceedings{guo2008locally,
    title={Locally adjusted robust regression for human age estimation},
    author={Guo, Guodong and Fu, Yun and Huang, Thomas S and Dyer, Charles R},
    booktitle={2008 Ieee Workshop on Applications of Computer Vision},
    pages={1--6},
    year={2008},
    organization={IEEE}
}

@article{dong2019general,
    title={General structured sparse learning for human facial age estimation},
    author={Dong, Yanan and Lang, Congyan and Feng, Songhe},
    journal={Multimedia Systems},
    volume={25},
    number={1},
    pages={49--57},
    year={2019},
    publisher={Springer}
}

@inproceedings{li2012learning,
    title={Learning distance metric regression for facial age estimation},
    author={Li, Changsheng and Liu, Qingshan and Liu, Jing and Lu, Hanqing},
    booktitle={Proceedings of the 21st International Conference on Pattern Recognition (ICPR2012)},
    pages={2327--2330},
    year={2012},
    organization={IEEE}
}

@article{tian2016human,
    title={Human age estimation by considering both the ordinality and similarity of ages},
    author={Tian, Qing and Xue, Hui and Qiao, Lishan},
    journal={Neural Processing Letters},
    volume={43},
    number={2},
    pages={505--521},
    year={2016},
    publisher={Springer}
}

@article{sun2009kernel,
    title={Kernel discriminant learning for ordinal regression},
    author={Sun, Bing-Yu and Li, Jiuyong and Wu, Desheng Dash and Zhang, Xiao-Ming and Li, Wen-Bo},
    journal={IEEE Transactions on Knowledge and Data Engineering},
    volume={22},
    number={6},
    pages={906--910},
    year={2009},
    publisher={IEEE}
}

@inproceedings{xiao2009learning,
    title={Learning distance metric for regression by semidefinite programming with application to human age estimation},
    author={Xiao, Bo and Yang, Xiaokang and Xu, Yi and Zha, Hongyuan},
    booktitle={Proceedings of the 17th ACM international conference on Multimedia},
    pages={451--460},
    year={2009},
    organization={ACM}
}

@article{li2014ordinal,
    title={Ordinal distance metric learning for image ranking},
    author={Li, Changsheng and Liu, Qingshan and Liu, Jing and Lu, Hanqing},
    journal={IEEE transactions on neural networks and learning systems},
    volume={26},
    number={7},
    pages={1551--1559},
    year={2014},
    publisher={IEEE}
}

@article{tian2018ordinal,
    title={Ordinal space projection learning via neighbor classes representation},
    author={Tian, Qing and Chen, Songcan and Ma, Tinghuai},
    journal={Computer Vision and Image Understanding},
    volume={174},
    pages={24--32},
    year={2018},
    publisher={Elsevier}
}

@article{geng2013facial,
    title={Facial age estimation by learning from label distributions},
    author={Geng, Xin and Yin, Chao and Zhou, Zhi-Hua},
    journal={IEEE transactions on pattern analysis and machine intelligence},
    volume={35},
    number={10},
    pages={2401--2412},
    year={2013},
    publisher={IEEE}
}

@inproceedings{geng2014facial,
    title={Facial age estimation by adaptive label distribution learning},
    author={Geng, Xin and Wang, Qin and Xia, Yu},
    booktitle={2014 22nd International Conference on Pattern Recognition},
    pages={4465--4470},
    year={2014},
    organization={IEEE}
}

@inproceedings{niu2016ordinal,
    title={Ordinal regression with multiple output cnn for age estimation},
    author={Niu, Zhenxing and Zhou, Mo and Wang, Le and Gao, Xinbo and Hua, Gang},
    booktitle={Proceedings of the IEEE conference on computer vision and pattern recognition},
    pages={4920--4928},
    year={2016}
}

@article{liu2018ordinal,
    title={Ordinal deep learning for facial age estimation},
    author={Liu, Hao and Lu, Jiwen and Feng, Jianjiang and Zhou, Jie},
    journal={IEEE Transactions on Circuits and Systems for Video Technology},
    volume={29},
    number={2},
    pages={486--501},
    year={2018},
    publisher={IEEE}
}

@inproceedings{chen2013cumulative,
    title={Cumulative attribute space for age and crowd density estimation},
    author={Chen, Ke and Gong, Shaogang and Xiang, Tao and Change Loy, Chen},
    booktitle={Proceedings of the IEEE conference on computer vision and pattern recognition},
    pages={2467--2474},
    year={2013}
}

@article{zhu2018age,
    title={Age estimation algorithm of facial images based on multi-label sorting},
    author={Zhu, Zijiang and Chen, Hang and Hu, Yi and Li, Junshan},
    journal={EURASIP Journal on Image and Video Processing},
    volume={2018},
    number={1},
    pages={114},
    year={2018},
    publisher={SpringerOpen}
}

@article{tian2015cumulative,
    title={Cumulative attribute relation regularization learning for human age estimation},
    author={Tian, Qing and Chen, Songcan},
    journal={Neurocomputing},
    volume={165},
    pages={456--467},
    year={2015},
    publisher={Elsevier}
}

@article{tian2018feature,
    title={Feature Relationships Learning Incorporated Age Estimation Assisted by Cumulative Attribute Encoding},
    author={Tian, Qing and Cao, Meng and Ma, Tinghuai},
    journal={Computers, Materials \& Continua},
    volume={56},
    number={3},
    pages={467--482},
    year={2018}
}

@article{tian2019relationships,
    title={Relationships Self-Learning Based Gender-Aware Age Estimation},
    author={Tian, Qing and Cao, Meng and Chen, Songcan and Yin, Hujun},
    journal={Neural Processing Letters},
    pages={1--20},
    year={2019},
    publisher={Springer}
}

@article{li2017d2c,
    title={D2C: Deep cumulatively and comparatively learning for human age estimation},
    author={Li, Kai and Xing, Junliang and Hu, Weiming and Maybank, Stephen J},
    journal={Pattern Recognition},
    volume={66},
    pages={95--105},
    year={2017},
    publisher={Elsevier}
}

@inproceedings{bocklet2008age,
    title={Age and gender recognition for telephone applications based on gmm supervectors and support vector machines},
    author={Bocklet, Tobias and Maier, Andreas and Bauer, Josef G and Burkhardt, Felix and Noth, Elmar},
    booktitle={2008 IEEE International Conference on Acoustics, Speech and Signal Processing},
    pages={1605--1608},
    year={2008},
    organization={IEEE}
}

@article{zhang2012convex,
    title={A convex formulation for learning task relationships in multi-task learning},
    author={Zhang, Yu and Yeung, Dit-Yan},
    journal={arXiv preprint arXiv:1203.3536},
    year={2012}
}

@book{gupta2000matrix,
    title={Matrix variate distributions},
    author={Gupta, Arjun K and Nagar, Daya K},
    year={2000},
    publisher={Chapman and Hall/CRC}
}

@book{van1983matrix,
    title={Matrix computations},
    author={Van Loan, Charles F and Golub, Gene H},
    year={1983},
    publisher={Johns Hopkins University Press}
}

@inproceedings{ricanek2006morph,
    title={Morph: A longitudinal image database of normal adult age-progression},
    author={Ricanek, Karl and Tesafaye, Tamirat},
    booktitle={7th International Conference on Automatic Face and Gesture Recognition (FGR06)},
    pages={341--345},
    year={2006},
    organization={IEEE}
}

@inproceedings{chen2014cross,
    Author = {Bor-Chun Chen and Chu-Song Chen and Winston H. Hsu},
    Booktitle = {Proceedings of the European Conference on Computer Vision ({ECCV})},
    Title = {Cross-Age Reference Coding for Age-Invariant Face Recognition and Retrieval},
    Year = {2014}
}

@inproceedings{dalal2005histograms,
    title={Histograms of oriented gradients for human detection},
    author={Dalal, Navneet and Triggs, Bill},
    year={2005}
}